@article{mansouri2008named,
  title={Named entity recognition approaches},
  author={Mansouri, Alireza and Affendey, Lilly Suriani and Mamat, Ali},
  journal={International Journal of Computer Science and Network Security},
  volume={8},
  number={2},
  pages={339--344},
  year={2008},
  publisher={Citeseer}
}
